%% Created for Prasanta Ghosh on -01-20


@inproceedings{paul1992design,
  title={The design for the Wall Street Journal-based CSR corpus},
  author={Paul, Douglas B and Baker, Janet},
  booktitle={Speech and Natural Language: Proceedings of a Workshop Held at Harriman, New York, February 23-26, 1992},
  year={1992}
}

@inproceedings{heafield-2011-kenlm,
  title = {{K}en{LM}: Faster and Smaller Language Model Queries},
  author = {Heafield, Kenneth},
  booktitle = {Proceedings of the Sixth Workshop on Statistical Machine Translation},
  month = jul,
  year = {2011},
  address = {Edinburgh, Scotland},
  publisher = {Association for Computational Linguistics},
  url = {https://www.aclweb.org/anthology/W11-2123},
  pages = {187--197},
  month_numeric = {7}
}

@inproceedings{kriman2020quartznet,
  title={Quartznet: Deep automatic speech recognition with 1d time-channel separable convolutions},
  author={Kriman, Samuel and Beliaev, Stanislav and Ginsburg, Boris and Huang, Jocelyn and Kuchaiev, Oleksii and Lavrukhin, Vitaly and Leary, Ryan and Li, Jason and Zhang, Yang},
  booktitle={ICASSP 2020-2020 IEEE International Conference on Acoustics, Speech and Signal Processing (ICASSP)},
  pages={6124--6128},
  year={2020},
  organization={IEEE}
}

@article{kuchaiev2019nemo,
  title={Nemo: a toolkit for building ai applications using neural modules},
  author={Kuchaiev, Oleksii and Li, Jason and Nguyen, Huyen and Hrinchuk, Oleksii and Leary, Ryan and Ginsburg, Boris and Kriman, Samuel and Beliaev, Stanislav and Lavrukhin, Vitaly and Cook, Jack and others},
  journal={arXiv preprint arXiv:1909.09577},
  year={2019}
}

@article{veysov2020towardimagenetstt,
author = {Veysov, Alexander},
title = {Toward's an ImageNet Moment for Speech-to-Text},
journal = {The Gradient},
year = {2020},
howpublished = {\url{https://thegradient.pub/towards-an-imagenet-moment-for-speech-to-text/ } },
}

@article{pratap2020mls,
  title={MLS: A Large-Scale Multilingual Dataset for Speech Research},
  author={Pratap, Vineel and Xu, Qiantong and Sriram, Anuroop and Synnaeve, Gabriel and Collobert, Ronan},
  journal={arXiv preprint arXiv:2012.03411},
  year={2020}
}

@inproceedings{panayotov2015librispeech,
  title={Librispeech: an asr corpus based on public domain audio books},
  author={Panayotov, Vassil and Chen, Guoguo and Povey, Daniel and Khudanpur, Sanjeev},
  booktitle={2015 IEEE international conference on acoustics, speech and signal processing (ICASSP)},
  pages={5206--5210},
  year={2015},
  organization={IEEE}
}